<?xml version="1.0" encoding="UTF-8"?><collection xmlns="http://www.loc.gov/MARC21/slim"><record><leader>00477nam--2200181-i-4500</leader><controlfield tag="001">000002336</controlfield><controlfield tag="002">20161230</controlfield><controlfield tag="005">20161230201025</controlfield><controlfield tag="008">060222s1000------------r-----000-0-eng-d</controlfield><datafield ind1=" " ind2=" " tag="040"><subfield code="a">IFIN-HH</subfield></datafield><datafield ind1=" " ind2=" " tag="080"><subfield code="a">53(076)</subfield></datafield><datafield ind1="1" ind2=" " tag="100"><subfield code="a">Feynman</subfield></datafield><datafield ind1="1" ind2="0" tag="245"><subfield code="a">Lectures on physics. exercises. vol. 2</subfield><subfield code="c">Feynman</subfield></datafield><datafield ind1=" " ind2=" " tag="250"><subfield code="a">Second Printing</subfield></datafield><datafield ind1=" " ind2=" " tag="260"><subfield code="a">Reading, Massachusetts</subfield><subfield code="b">Addison-wesley Publ. Co</subfield><subfield code="c">1967</subfield></datafield><datafield ind1=" " ind2=" " tag="300"><subfield code="a">/PAG.DIF.</subfield></datafield><datafield ind1=" " ind2=" " tag="852"><subfield code="a">30753</subfield><subfield code="c">53</subfield></datafield><datafield ind1=" " ind2=" " tag="CAT"><subfield code="a">Sys</subfield><subfield code="c">20150220</subfield><subfield code="h">102904</subfield></datafield></record></collection>